@book{monk201330,
  title={30 Arduino projects for the evil genius},
  author={Monk, Simon},
  year={2013},
  publisher={McGraw-Hill Education}
}
@book{margolis2011arduino,
  title={Arduino Cookbook: Recipes to Begin, Expand, and Enhance Your Projects},
  author={Margolis, Michael},
  year={2011},
  publisher={" O'Reilly Media, Inc."}
}
@article{rajamohan2013deaf,
  title={Deaf-mute communication interpreter},
  author={Rajamohan, Anbarasi and Hemavathy, R and Dhanalakshmi, M},
  journal={International Journal of Scientific Engineering and Technology},
  volume={2},
  number={5},
  pages={336--341},
  year={2013},
  publisher={Innovative Research Publications}
}